<record><leader>00000cas a22000007a 4500</leader><controlfield tag="001">13291289</controlfield><controlfield tag="008">860313d19051907wvudr ne      0    0eng d</controlfield><datafield ind1=" " ind2=" " tag="010"><subfield code="a">sn 86092357 </subfield></datafield><datafield ind1=" " ind2=" " tag="040"><subfield code="a">WVC</subfield><subfield code="b">eng</subfield><subfield code="c">WVC</subfield><subfield code="d">OCL</subfield><subfield code="d">OCLCQ</subfield></datafield><datafield ind1=" " ind2=" " tag="042"><subfield code="a">msc</subfield></datafield><datafield ind1="0" ind2=" " tag="130"><subfield code="a">Sistersville daily review (1905)</subfield></datafield><datafield ind1="1" ind2="0" tag="245"><subfield code="a">Sistersville daily review.</subfield></datafield><datafield ind1=" " ind2=" " tag="260"><subfield code="a">Sistersville, W. Va. :</subfield><subfield code="b">John P. Glass,</subfield><subfield code="c">1905-1907.</subfield></datafield><datafield ind1=" " ind2=" " tag="300"><subfield code="a">v.</subfield></datafield><datafield ind1=" " ind2=" " tag="310"><subfield code="a">Daily</subfield></datafield><datafield ind1="0" ind2=" " tag="362"><subfield code="a">Vol. 11, no. 104 (May 1, 1905)-v. 13, no. 231 (Oct. 2, 1907).</subfield></datafield><datafield ind1=" " ind2=" " tag="515"><subfield code="a">Vol. 11, no. 103 was not issued.</subfield></datafield><datafield ind1=" " ind2=" " tag="752"><subfield code="a">United States</subfield><subfield code="b">West Virginia</subfield><subfield code="c">Tyler</subfield><subfield code="d">Sistersville.</subfield></datafield><datafield ind1="0" ind2=" " tag="775"><subfield code="t">Weekly oil review</subfield><subfield code="w">(DLC)sn 86092352</subfield></datafield><datafield ind1="0" ind2="0" tag="780"><subfield code="t">Sistersville daily oil review</subfield><subfield code="w">(DLC)sn 86092356</subfield></datafield><datafield ind1="0" ind2="0" tag="785"><subfield code="t">Daily oil review</subfield><subfield code="w">(DLC)sn 86092358</subfield></datafield></record>